<?xml version="1.0" encoding="UTF-8"?><record xmlns="http://www.loc.gov/MARC21/slim" xmlns:cinclude="http://apache.org/cocoon/include/1.0" xmlns:zs="http://www.loc.gov/zing/srw/">
  <leader>00490cz  a2200145n  4500</leader>
  <controlfield tag="001">n  92013375 </controlfield>
  <controlfield tag="003">DLC</controlfield>
  <controlfield tag="005">19920526163409.1</controlfield>
  <controlfield tag="008">920206n| acannaab|          |a aaa |||  </controlfield>
  <datafield tag="010" ind1=" " ind2=" ">
    <subfield code="a">n  92013375 </subfield>
  </datafield>
  <datafield tag="040" ind1=" " ind2=" ">
    <subfield code="a">DLC</subfield>
    <subfield code="c">DLC</subfield>
    <subfield code="d">DLC</subfield>
  </datafield>
  <datafield tag="100" ind1="1" ind2="0">
    <subfield code="a">Derrida, Jacques.</subfield>
    <subfield code="t">Donner le temps.</subfield>
    <subfield code="n">1,</subfield>
    <subfield code="p">Fausse monnaie.</subfield>
    <subfield code="l">English</subfield>
  </datafield>
  <datafield tag="400" ind1="1" ind2="0">
    <subfield code="a">Derrida, Jacques.</subfield>
    <subfield code="t">Given time.</subfield>
    <subfield code="n">1,</subfield>
    <subfield code="p">Counterfeit money</subfield>
  </datafield>
  <datafield tag="400" ind1="1" ind2="0">
    <subfield code="a">Derrida, Jacques.</subfield>
    <subfield code="t">Given time.</subfield>
    <subfield code="n">I,</subfield>
    <subfield code="p">Counterfeit money</subfield>
  </datafield>
  <datafield tag="670" ind1=" " ind2=" ">
    <subfield code="a">His Given time. I. Counterfeit money, 1992.</subfield>
  </datafield>
</record>